@book{SG,
  author = {Office of the Surgeon General (US),National Heart, Lung, and Blood Institute (US)},
  year = {2008},
  title = {The Surgeon General's call to action to prevent deep vein thrombosis and pulmonary embolism.},
  publisher = {U.S. Public Health Service, Office of the Surgeon General,}
}
