@book{SG,
  author = {Office of the Surgeon General (US),National Heart, Lung, and Blood Institute (US)},
  year = {2008},
  title = {The Surgeon General's call to action to prevent deep vein thrombosis and pulmonary embolism.},
  publisher = {U.S. Public Health Service, Office of the Surgeon General,}
}

@article{mehta2019trends,
  title={Trends of Inpatient Venous Thromboembolism in United States Before and After the Surgeon General's Call to Action},
  author={Mehta, Kathan D and Malleshappa, Sudeep K Siddappa and Patel, Smit and Giri, Smith and Wang, Hong and Smith, Roy and Parikh, Rahul A},
  journal={The American journal of cardiology},
  volume={124},
  number={6},
  pages={960--965},
  year={2019},
  publisher={Elsevier}
}

@article{kyrle2005deep,
  title={Deep vein thrombosis},
  author={Kyrle, Paul A and Eichinger, Sabine},
  journal={The Lancet},
  volume={365},
  number={9465},
  pages={1163--1174},
  year={2005},
  publisher={Elsevier}
}
@article{walker1980predictors,
  title={Predictors of bleeding during heparin therapy},
  author={Walker, Alexander M and Jick, Hershel},
  journal={Jama},
  volume={244},
  number={11},
  pages={1209--1212},
  year={1980},
  publisher={American Medical Association}
}
@article{sheridan1986diagnostic,
  title={A diagnostic test for heparin-induced thrombocytopenia},
  author={Sheridan, David and Carter, Cedric and Kelton, John G},
  journal={Blood},
  volume={67},
  number={1},
  pages={27--30},
  year={1986},
  publisher={Citeseer}
}
@article{stuck2017risk,
  title={Risk assessment models for venous thromboembolism in acutely ill medical patients},
  author={Stuck, Anna K and Spirk, David and Schaudt, Jil and Kucher, Nils},
  journal={Thrombosis and haemostasis},
  volume={117},
  number={04},
  pages={801--808},
  year={2017},
  publisher={Schattauer GmbH}
}
@article{cook2001prevention,
  title={Prevention and diagnosis of venous thromboembolism in critically ill patients: a Canadian survey},
  author={Cook, Deborah and McMullin, Joseph and Hodder, Richard and Heule, Mark and Pinilla, Jaime and Dodek, Peter and Stewart, Thomas},
  journal={Critical Care},
  volume={5},
  number={6},
  pages={336},
  year={2001},
  publisher={BioMed Central}
}