@techreport{bledsoe1964model,
	title={The model method in facial recognition, panoramic research inc., Palo Alto},
	author={Bledsoe, WW},
	year={1964},
	institution={CA, Technical Report, Technical Report PRI: 15}
}
@article{kanade1974picture,
	title={Picture processing system by computer complex and recognition of human faces},
	author={Kanade, Takeo},
	year={1974},
	publisher={Kyoto University}
}
@article{yuille1992feature,
	title={Feature extraction from faces using deformable templates},
	author={Yuille, Alan L and Hallinan, Peter W and Cohen, David S},
	journal={International journal of computer vision},
	volume={8},
	number={2},
	pages={99--111},
	year={1992},
	publisher={Springer}
}
@inproceedings{fleming1990categorization,
	title={Categorization of faces using unsupervised feature extraction},
	author={Fleming, Michael K and Cottrell, Garrison W},
	booktitle={Neural Networks, 1990., 1990 IJCNN International Joint Conference on},
	pages={65--70},
	year={1990},
	organization={IEEE}
}
@incollection{hinton2014storage,
	title={Storage and processing of information in distributed associative memory systems},
	author={Hinton, Geoffrey E and Anderson, James A},
	booktitle={Parallel models of associative memory},
	pages={139--180},
	year={2014},
	publisher={Psychology Press}
}

@incollection{stonham1986practical,
	title={Practical face recognition and verification with WISARD},
	author={Stonham, TJ},
	booktitle={Aspects of face processing},
	pages={426--441},
	year={1986},
	publisher={Springer}
}
@article{sirovich1987low,
	title={Low-dimensional procedure for the characterization of human faces},
	author={Sirovich, Lawrence and Kirby, Michael},
	journal={Josa a},
	volume={4},
	number={3},
	pages={519--524},
	year={1987},
	publisher={Optical Society of America}
}